<?xml version="1.0" encoding="UTF-8"?><collection xmlns="http://www.loc.gov/MARC21/slim"><record><leader>00586nam--2200181-i-4500</leader><controlfield tag="001">000040601</controlfield><controlfield tag="002">20161230</controlfield><controlfield tag="005">20161230201042</controlfield><controlfield tag="008">060222s1000------------r-----000-0-fre-d</controlfield><datafield ind1=" " ind2=" " tag="040"><subfield code="a">IFIN-HH</subfield></datafield><datafield ind1=" " ind2=" " tag="041"><subfield code="a">fre</subfield></datafield><datafield ind1=" " ind2=" " tag="080"><subfield code="a">539.1.074.22</subfield></datafield><datafield ind1="1" ind2=" " tag="100"><subfield code="a">Schmitt,Francois</subfield></datafield><datafield ind1="1" ind2="0" tag="245"><subfield code="a">Etude physique et experimentale des chambres a etincelles a grant entreplaque et des generateurs associes</subfield><subfield code="b">These</subfield><subfield code="c">Francois schnitt</subfield></datafield><datafield ind1=" " ind2=" " tag="260"><subfield code="a">Strasbourg</subfield><subfield code="b">Faculte De Sciences De L`Universite De Strasbourg</subfield><subfield code="c">1969</subfield></datafield><datafield ind1=" " ind2=" " tag="300"><subfield code="a">116P</subfield></datafield><datafield ind1=" " ind2=" " tag="852"><subfield code="a">34350</subfield><subfield code="c">539.1.07:539.1.08</subfield></datafield><datafield ind1=" " ind2=" " tag="CAT"><subfield code="a">Sys</subfield><subfield code="c">20111024</subfield><subfield code="h">145835</subfield></datafield></record></collection>